%YAML 1.1
%TAG !u! tag:unity3d.com,2011:
--- !u!1 &5306173703518832721
GameObject:
  m_ObjectHideFlags: 0
  m_CorrespondingSourceObject: {fileID: 0}
  m_PrefabInstance: {fileID: 0}
  m_PrefabAsset: {fileID: 0}
  serializedVersion: 6
  m_Component:
  - component: {fileID: 9221130159847160386}
  - component: {fileID: 2567559696449238598}
  - component: {fileID: 6180876323661660380}
  m_Layer: 0
  m_Name: OilBarrel
  m_TagString: Untagged
  m_Icon: {fileID: 0}
  m_NavMeshLayer: 0
  m_StaticEditorFlags: 0
  m_IsActive: 1
--- !u!4 &9221130159847160386
Transform:
  m_ObjectHideFlags: 0
  m_CorrespondingSourceObject: {fileID: 0}
  m_PrefabInstance: {fileID: 0}
  m_PrefabAsset: {fileID: 0}
  m_GameObject: {fileID: 5306173703518832721}
  m_LocalRotation: {x: 0, y: 0, z: 0, w: 1}
  m_LocalPosition: {x: 0, y: 0, z: 0}
  m_LocalScale: {x: 2, y: 2, z: 2}
  m_Children:
  - {fileID: 6918732423933357825}
  - {fileID: 8519272826034103296}
  m_Father: {fileID: 0}
  m_RootOrder: 0
  m_LocalEulerAnglesHint: {x: 0, y: 0, z: 0}
--- !u!136 &2567559696449238598
CapsuleCollider:
  m_ObjectHideFlags: 0
  m_CorrespondingSourceObject: {fileID: 0}
  m_PrefabInstance: {fileID: 0}
  m_PrefabAsset: {fileID: 0}
  m_GameObject: {fileID: 5306173703518832721}
  m_Material: {fileID: 0}
  m_IsTrigger: 1
  m_Enabled: 1
  m_Radius: 1.3910851
  m_Height: 4.703765
  m_Direction: 1
  m_Center: {x: 0.0104146, y: 1.7951069, z: -0.012491226}
--- !u!114 &6180876323661660380
MonoBehaviour:
  m_ObjectHideFlags: 0
  m_CorrespondingSourceObject: {fileID: 0}
  m_PrefabInstance: {fileID: 0}
  m_PrefabAsset: {fileID: 0}
  m_GameObject: {fileID: 5306173703518832721}
  m_Enabled: 1
  m_EditorHideFlags: 0
  m_Script: {fileID: 11500000, guid: 4a75fb6656d504f4788f35ad385d0dd4, type: 3}
  m_Name: 
  m_EditorClassIdentifier: 
  pickupEffect: {fileID: 198755127273645396, guid: 251ca96b61a3f5542886e3521c4860b3,
    type: 3}
--- !u!1 &8653576932210251861
GameObject:
  m_ObjectHideFlags: 0
  m_CorrespondingSourceObject: {fileID: 0}
  m_PrefabInstance: {fileID: 0}
  m_PrefabAsset: {fileID: 0}
  serializedVersion: 6
  m_Component:
  - component: {fileID: 6918732423933357825}
  - component: {fileID: 5694999646686505005}
  - component: {fileID: 209163890180398149}
  m_Layer: 0
  m_Name: Cylinder
  m_TagString: Untagged
  m_Icon: {fileID: 0}
  m_NavMeshLayer: 0
  m_StaticEditorFlags: 0
  m_IsActive: 1
--- !u!4 &6918732423933357825
Transform:
  m_ObjectHideFlags: 0
  m_CorrespondingSourceObject: {fileID: 0}
  m_PrefabInstance: {fileID: 0}
  m_PrefabAsset: {fileID: 0}
  m_GameObject: {fileID: 8653576932210251861}
  m_LocalRotation: {x: -0.7071068, y: 0, z: -0, w: 0.7071067}
  m_LocalPosition: {x: -0, y: 1.6800001, z: 0}
  m_LocalScale: {x: 3.5879798, y: 3.5879798, z: 3.5879798}
  m_Children: []
  m_Father: {fileID: 9221130159847160386}
  m_RootOrder: 0
  m_LocalEulerAnglesHint: {x: 0, y: 0, z: 0}
--- !u!33 &5694999646686505005
MeshFilter:
  m_ObjectHideFlags: 0
  m_CorrespondingSourceObject: {fileID: 0}
  m_PrefabInstance: {fileID: 0}
  m_PrefabAsset: {fileID: 0}
  m_GameObject: {fileID: 8653576932210251861}
  m_Mesh: {fileID: 2534964839176971238, guid: 25ceca98298c6c74e880f5cb630e76e5, type: 3}
--- !u!23 &209163890180398149
MeshRenderer:
  m_ObjectHideFlags: 0
  m_CorrespondingSourceObject: {fileID: 0}
  m_PrefabInstance: {fileID: 0}
  m_PrefabAsset: {fileID: 0}
  m_GameObject: {fileID: 8653576932210251861}
  m_Enabled: 1
  m_CastShadows: 1
  m_ReceiveShadows: 1
  m_DynamicOccludee: 1
  m_MotionVectors: 1
  m_LightProbeUsage: 1
  m_ReflectionProbeUsage: 1
  m_RayTracingMode: 2
  m_RenderingLayerMask: 1
  m_RendererPriority: 0
  m_Materials:
  - {fileID: 2100000, guid: 514c5d7ab9db3044b9eb84eb3f6937f7, type: 2}
  m_StaticBatchInfo:
    firstSubMesh: 0
    subMeshCount: 0
  m_StaticBatchRoot: {fileID: 0}
  m_ProbeAnchor: {fileID: 0}
  m_LightProbeVolumeOverride: {fileID: 0}
  m_ScaleInLightmap: 1
  m_ReceiveGI: 1
  m_PreserveUVs: 0
  m_IgnoreNormalsForChartDetection: 0
  m_ImportantGI: 0
  m_StitchLightmapSeams: 1
  m_SelectedEditorRenderState: 3
  m_MinimumChartSize: 4
  m_AutoUVMaxDistance: 0.5
  m_AutoUVMaxAngle: 89
  m_LightmapParameters: {fileID: 0}
  m_SortingLayerID: 0
  m_SortingLayer: 0
  m_SortingOrder: 0
--- !u!1001 &8519272826033716866
PrefabInstance:
  m_ObjectHideFlags: 0
  serializedVersion: 2
  m_Modification:
    m_TransformParent: {fileID: 9221130159847160386}
    m_Modifications:
    - target: {fileID: 100000, guid: 521ef93dc974acf44bd4d2cf24c601a6, type: 3}
      propertyPath: m_Name
      value: Fuel CFX3_Vortex_Ground
      objectReference: {fileID: 0}
    - target: {fileID: 400000, guid: 521ef93dc974acf44bd4d2cf24c601a6, type: 3}
      propertyPath: m_LocalScale.x
      value: 1
      objectReference: {fileID: 0}
    - target: {fileID: 400000, guid: 521ef93dc974acf44bd4d2cf24c601a6, type: 3}
      propertyPath: m_LocalScale.y
      value: 1
      objectReference: {fileID: 0}
    - target: {fileID: 400000, guid: 521ef93dc974acf44bd4d2cf24c601a6, type: 3}
      propertyPath: m_LocalScale.z
      value: 1
      objectReference: {fileID: 0}
    - target: {fileID: 400002, guid: 521ef93dc974acf44bd4d2cf24c601a6, type: 3}
      propertyPath: m_LocalPosition.x
      value: 0
      objectReference: {fileID: 0}
    - target: {fileID: 400002, guid: 521ef93dc974acf44bd4d2cf24c601a6, type: 3}
      propertyPath: m_LocalPosition.y
      value: 0.41
      objectReference: {fileID: 0}
    - target: {fileID: 400002, guid: 521ef93dc974acf44bd4d2cf24c601a6, type: 3}
      propertyPath: m_LocalPosition.z
      value: 0
      objectReference: {fileID: 0}
    - target: {fileID: 400002, guid: 521ef93dc974acf44bd4d2cf24c601a6, type: 3}
      propertyPath: m_LocalRotation.x
      value: -0.7071068
      objectReference: {fileID: 0}
    - target: {fileID: 400002, guid: 521ef93dc974acf44bd4d2cf24c601a6, type: 3}
      propertyPath: m_LocalRotation.y
      value: 0
      objectReference: {fileID: 0}
    - target: {fileID: 400002, guid: 521ef93dc974acf44bd4d2cf24c601a6, type: 3}
      propertyPath: m_LocalRotation.z
      value: 0
      objectReference: {fileID: 0}
    - target: {fileID: 400002, guid: 521ef93dc974acf44bd4d2cf24c601a6, type: 3}
      propertyPath: m_LocalRotation.w
      value: 0.7071068
      objectReference: {fileID: 0}
    - target: {fileID: 400002, guid: 521ef93dc974acf44bd4d2cf24c601a6, type: 3}
      propertyPath: m_RootOrder
      value: 1
      objectReference: {fileID: 0}
    - target: {fileID: 400002, guid: 521ef93dc974acf44bd4d2cf24c601a6, type: 3}
      propertyPath: m_LocalEulerAnglesHint.x
      value: -90
      objectReference: {fileID: 0}
    - target: {fileID: 400002, guid: 521ef93dc974acf44bd4d2cf24c601a6, type: 3}
      propertyPath: m_LocalEulerAnglesHint.y
      value: 0
      objectReference: {fileID: 0}
    - target: {fileID: 400002, guid: 521ef93dc974acf44bd4d2cf24c601a6, type: 3}
      propertyPath: m_LocalEulerAnglesHint.z
      value: 0
      objectReference: {fileID: 0}
    - target: {fileID: 400004, guid: 521ef93dc974acf44bd4d2cf24c601a6, type: 3}
      propertyPath: m_LocalScale.x
      value: 1
      objectReference: {fileID: 0}
    - target: {fileID: 400004, guid: 521ef93dc974acf44bd4d2cf24c601a6, type: 3}
      propertyPath: m_LocalScale.y
      value: 1
      objectReference: {fileID: 0}
    - target: {fileID: 400004, guid: 521ef93dc974acf44bd4d2cf24c601a6, type: 3}
      propertyPath: m_LocalScale.z
      value: 1
      objectReference: {fileID: 0}
    - target: {fileID: 400004, guid: 521ef93dc974acf44bd4d2cf24c601a6, type: 3}
      propertyPath: m_LocalPosition.x
      value: 0
      objectReference: {fileID: 0}
    - target: {fileID: 400004, guid: 521ef93dc974acf44bd4d2cf24c601a6, type: 3}
      propertyPath: m_LocalPosition.y
      value: 0
      objectReference: {fileID: 0}
    - target: {fileID: 400004, guid: 521ef93dc974acf44bd4d2cf24c601a6, type: 3}
      propertyPath: m_LocalPosition.z
      value: -0.54
      objectReference: {fileID: 0}
    - target: {fileID: 19800000, guid: 521ef93dc974acf44bd4d2cf24c601a6, type: 3}
      propertyPath: InitialModule.startSize.minScalar
      value: 2
      objectReference: {fileID: 0}
    - target: {fileID: 19800000, guid: 521ef93dc974acf44bd4d2cf24c601a6, type: 3}
      propertyPath: InitialModule.startSize.scalar
      value: 3
      objectReference: {fileID: 0}
    - target: {fileID: 19800000, guid: 521ef93dc974acf44bd4d2cf24c601a6, type: 3}
      propertyPath: InitialModule.rotation3D
      value: 0
      objectReference: {fileID: 0}
    - target: {fileID: 19800000, guid: 521ef93dc974acf44bd4d2cf24c601a6, type: 3}
      propertyPath: InitialModule.startRotationX.scalar
      value: 0
      objectReference: {fileID: 0}
    - target: {fileID: 19800000, guid: 521ef93dc974acf44bd4d2cf24c601a6, type: 3}
      propertyPath: simulationSpeed
      value: 0.8
      objectReference: {fileID: 0}
    - target: {fileID: 19800002, guid: 521ef93dc974acf44bd4d2cf24c601a6, type: 3}
      propertyPath: InitialModule.startColor.minColor.r
      value: 1
      objectReference: {fileID: 0}
    - target: {fileID: 19800002, guid: 521ef93dc974acf44bd4d2cf24c601a6, type: 3}
      propertyPath: InitialModule.startColor.minColor.g
      value: 0.7118232
      objectReference: {fileID: 0}
    - target: {fileID: 19800002, guid: 521ef93dc974acf44bd4d2cf24c601a6, type: 3}
      propertyPath: InitialModule.startColor.minColor.b
      value: 0
      objectReference: {fileID: 0}
    - target: {fileID: 19800004, guid: 521ef93dc974acf44bd4d2cf24c601a6, type: 3}
      propertyPath: InitialModule.startSize.scalar
      value: 10
      objectReference: {fileID: 0}
    m_RemovedComponents: []
  m_SourcePrefab: {fileID: 100100000, guid: 521ef93dc974acf44bd4d2cf24c601a6, type: 3}
--- !u!4 &8519272826034103296 stripped
Transform:
  m_CorrespondingSourceObject: {fileID: 400002, guid: 521ef93dc974acf44bd4d2cf24c601a6,
    type: 3}
  m_PrefabInstance: {fileID: 8519272826033716866}
  m_PrefabAsset: {fileID: 0}
